<collection xmlns="http://www.loc.gov/MARC21/slim">
<record>
  <leader>02005nam0a22004211i 450 </leader>
  <controlfield tag="001">IT\ICCU\CNCE\033088</controlfield>
  <controlfield tag="005">20140424000000.0</controlfield>
  <datafield tag="012" ind1=" " ind2=" ">
    <subfield code="a">e-er ese- n*os Maqu (3) 1589 (R)</subfield>
    <subfield code="2">fei</subfield>
  </datafield>
  <datafield tag="100" ind1=" " ind2=" ">
    <subfield code="a">19971217d1589        0itac0103    ba</subfield>
  </datafield>
  <datafield tag="101" ind1=" " ind2=" ">
    <subfield code="a">LAT</subfield>
  </datafield>
  <datafield tag="102" ind1=" " ind2=" ">
    <subfield code="a">IT</subfield>
  </datafield>
  <datafield tag="200" ind1="1" ind2=" ">
    <subfield code="a">℗Hieronymi Lombardi ... ℗De natura libri tres</subfield>
  </datafield>
  <datafield tag="210" ind1=" " ind2=" ">
    <subfield code="a">Patauii</subfield>
    <subfield code="c">apud Laurentium Pasquatum</subfield>
    <subfield code="d">1589</subfield>
  </datafield>
  <datafield tag="215" ind1=" " ind2=" ">
    <subfield code="a">\8!, 144 p.</subfield>
    <subfield code="d">4ʻ</subfield>
  </datafield>
  <datafield tag="620" ind1=" " ind2=" ">
    <subfield code="a">IT</subfield>
    <subfield code="d">Padova</subfield>
  </datafield>
  <datafield tag="700" ind1=" " ind2="1">
    <subfield code="a">Lombardo,</subfield>
    <subfield code="b">Girolamo</subfield>
    <subfield code="3">IT\ICCU\CNCA\009580</subfield>
  </datafield>
  <datafield tag="712" ind1="0" ind2="0">
    <subfield code="a">Pasquato, Lorenzo</subfield>
    <subfield code="3">IT\ICCU\CNCT\000004</subfield>
    <subfield code="4">650</subfield>
  </datafield>
  <datafield tag="790" ind1=" " ind2="1">
    <subfield code="a">Lombardus,</subfield>
    <subfield code="b">Hieronymus</subfield>
    <subfield code="3">IT\ICCU\CNCA\021278</subfield>
    <subfield code="z">Lombardo, Girolamo</subfield>
  </datafield>
  <datafield tag="791" ind1="0" ind2="0">
    <subfield code="a">Paschatius, Laurentius</subfield>
    <subfield code="3">IT\ICCU\CNCT\002466</subfield>
    <subfield code="z">Pasquato, Lorenzo</subfield>
  </datafield>
  <datafield tag="791" ind1="0" ind2="0">
    <subfield code="a">Pasqualius, Laurentius</subfield>
    <subfield code="3">IT\ICCU\CNCT\004022</subfield>
    <subfield code="z">Pasquato, Lorenzo</subfield>
  </datafield>
  <datafield tag="791" ind1="0" ind2="0">
    <subfield code="a">Pasquale, Lorenzo</subfield>
    <subfield code="3">IT\ICCU\CNCT\004023</subfield>
    <subfield code="z">Pasquato, Lorenzo</subfield>
  </datafield>
  <datafield tag="791" ind1="0" ind2="0">
    <subfield code="a">Pasquatus, Laurentius</subfield>
    <subfield code="3">IT\ICCU\CNCT\005296</subfield>
    <subfield code="z">Pasquato, Lorenzo</subfield>
  </datafield>
  <datafield tag="791" ind1="0" ind2="0">
    <subfield code="a">Pasquatius, Laurentius</subfield>
    <subfield code="3">IT\ICCU\CNCT\005297</subfield>
    <subfield code="z">Pasquato, Lorenzo</subfield>
  </datafield>
  <datafield tag="791" ind1="0" ind2="0">
    <subfield code="a">Pasquatto, Lorenzo</subfield>
    <subfield code="3">IT\ICCU\CNCT\005298</subfield>
    <subfield code="z">Pasquato, Lorenzo</subfield>
  </datafield>
  <datafield tag="791" ind1="0" ind2="0">
    <subfield code="a">Pasquati, Lorenzo</subfield>
    <subfield code="3">IT\ICCU\CNCT\005299</subfield>
    <subfield code="z">Pasquato, Lorenzo</subfield>
  </datafield>
  <datafield tag="801" ind1=" " ind2="3">
    <subfield code="a">IT</subfield>
    <subfield code="b">ICCU</subfield>
    <subfield code="c">20201114</subfield>
  </datafield>
  <datafield tag="899" ind1=" " ind2=" ">
    <subfield code="a">Biblioteca civica. Padova</subfield>
    <subfield code="1">PD0090</subfield>
    <subfield code="2">PUV 55</subfield>
  </datafield>
  <datafield tag="899" ind1=" " ind2=" ">
    <subfield code="a">Biblioteca universitaria. Padova</subfield>
    <subfield code="1">PD0158</subfield>
    <subfield code="2">PUV 00</subfield>
  </datafield>
  <datafield tag="899" ind1=" " ind2=" ">
    <subfield code="a">Biblioteca comunale Sperelliana. Gubbio</subfield>
    <subfield code="z">MUTILO</subfield>
    <subfield code="1">PG0049</subfield>
    <subfield code="2">UM1 11</subfield>
  </datafield>
  <datafield tag="899" ind1=" " ind2=" ">
    <subfield code="a">Biblioteca comunale. Montefalco</subfield>
    <subfield code="1">PG0058</subfield>
    <subfield code="2">UM1 17</subfield>
  </datafield>
  <datafield tag="899" ind1=" " ind2=" ">
    <subfield code="a">Biblioteca della Scuola normale superiore. Pisa</subfield>
    <subfield code="1">PI0266</subfield>
    <subfield code="2">RT1 QN</subfield>
  </datafield>
  <datafield tag="899" ind1=" " ind2=" ">
    <subfield code="a">Biblioteca universitaria. Pavia</subfield>
    <subfield code="1">PV0291</subfield>
    <subfield code="2">MIL UP</subfield>
  </datafield>
  <datafield tag="899" ind1=" " ind2=" ">
    <subfield code="a">Biblioteca nazionale centrale. Roma</subfield>
    <subfield code="1">RM0267</subfield>
    <subfield code="2">BVE CR</subfield>
  </datafield>
  <datafield tag="899" ind1=" " ind2=" ">
    <subfield code="a">Biblioteca universitaria Alessandrina. Roma</subfield>
    <subfield code="1">RM0280</subfield>
    <subfield code="2">RML 01</subfield>
  </datafield>
  <datafield tag="899" ind1=" " ind2=" ">
    <subfield code="a">British Library. London</subfield>
    <subfield code="1">UK0001</subfield>
  </datafield>
  <datafield tag="899" ind1=" " ind2=" ">
    <subfield code="a">Biblioteca nazionale Marciana. Venezia</subfield>
    <subfield code="1">VE0049</subfield>
    <subfield code="2">VEA BM</subfield>
  </datafield>
  <datafield tag="899" ind1=" " ind2=" ">
    <subfield code="a">Biblioteca Fondazione Studium Generale Marcianum. Venezia</subfield>
    <subfield code="1">VE0311</subfield>
    <subfield code="2">PBE D7</subfield>
  </datafield>
  <datafield tag="899" ind1=" " ind2=" ">
    <subfield code="a">Biblioteca civica. Verona</subfield>
    <subfield code="1">VR0059</subfield>
    <subfield code="2">ZVR 02</subfield>
  </datafield>
</record>
</collection>
